
@ARTICLE{CIPM-2007,
   author = {{Picard,{A}} and {Davis,{R~S}} and G{laser,{M}} and  {Fujii,{K}}},
   title  = {Picard Davis Glaser Revised formula for the density of moist air (CIPM-2007)},
   year   = 2008,
  journal = "WEB/URL",
   note   = {\\ \url{https://www.nist.gov/sites/default/files/documents/calibrations/CIPM-2007.pdf}}
}

# Filipenko's source for the behavior of air
@BOOK{1960twn..book.....C,
   author = {{Coleman}, C.~D. and {Bozman}, W.~R. and {Meggers}, W.~F.},
    title = "{Table of Wave numbers.}",
 keywords = {Spectrum analysis},
booktitle = {Table of Wave numbers., by Coleman, Charles DeWitt.; Bozman, William R.; Meggers, William Frederick.~Washington, U.S.~Dept.~of Commerce, National Bureau of Standards, 1960.},
     year = 1960,
   adsurl = {http://adsabs.harvard.edu/abs/1960twn..book.....C},
  adsnote = {Provided by the SAO/NASA Astrophysics Data System}
}


@ARTICLE{needed,
   author  = "CITATION NEEDED",
   title   = {CITATION NEEDED},
   journal = {CITATION NEEDED},
   year    = 2019
}
   
@Article{Hunter:2007,
  Author    = {Hunter, J. D.},
  Title     = {Matplotlib: A 2D graphics environment},
  Journal   = {Computing In Science \& Engineering},
  Volume    = {9},
  Number    = {3},
  Pages     = {90--95},
  abstract  = {Matplotlib is a 2D graphics package used for Python
  for application development, interactive scripting, and
  publication-quality image generation across user
  interfaces and operating systems.},
  publisher = {IEEE COMPUTER SOC},
  doi       = {10.1109/MCSE.2007.55},
  year      = 2007
}


@ARTICLE{WyomingWeather,
   author = {{Departmemt of Atmospheric Science},~{University of Wyoming}},
   title  = {Atmospheric Soundings},
   year   = 2019,
  journal = "WEB/URL",
   note   = {\\ \url{http://weather.uwyo.edu/upperair/sounding.html}}
}

@ARTICLE{Kahan-Needle-Angles,
   author  = "Kahan, W.",
   title   = {Miscalculating area and angles of a needle-like triangle.},
   journal = {\url{http://www.cs.berkeley.edu/$\sim$kahan/}},
   year    = 1999
}


