@ARTICLE{1989PASP..101.1032M,
   author = {{Marsh}, T.~R.},
    title = "{The extraction of highly distorted spectra}",
  journal = {Publ. Astron. Soc. Pac.},
 keywords = {Astronomical Spectroscopy, Data Reduction, Point Sources, Charge Coupled Devices, Pixels, Signal To Noise Ratios},
     year = 1989,
    month = nov,
   volume = 101,
    pages = {1032-1037},
      doi = {10.1086/132570},
   adsurl = {http://adsabs.harvard.edu/abs/1989PASP..101.1032M},
  adsnote = {Provided by the SAO/NASA Astrophysics Data System}
}
