@ARTICLE{2013PASA...30...50C,
   author = {{Calabretta}, M.~R. and {Lowe}, S.~R.},
    title = "Representing the Butterfly Projection in FITS-Projection Code",
  journal = {Proc. Astron. Soc. Aust.},
archivePrefix = "arXiv",
   eprint = {1308.6647},
 primaryClass = "astro-ph.IM",
 keywords = {astronomical databases: miscellaneous, cosmic background radiation, cosmology: observations, methods: data analysis, methods: statistical, techniques: image processing},
     year = 2013,
     note = {\url{http://adsabs.harvard.edu/abs/2013PASA...30...50C}}
}


@ARTICLE{2006A&A...446..747G,
   author = {{Greisen}, E.~W. and {Calabretta}, M.~R. and {Valdes}, F.~G. and 
	{Allen}, S.~L.},
    title = "{Representations of spectral coordinates in FITS}",
  journal = {Astronomy \& Astrophysics},
   eprint = {astro-ph/0507293},
 keywords = {methods: data analysis, techniques: image processing, techniques: radial velocities, techniques: spectroscopic, astronomical data bases: miscellaneous},
     year = 2006,
    month = feb,
   volume = 446,
    pages = {747-771},
      doi = {10.1051/0004-6361:20053818},
   adsurl = {http://adsabs.harvard.edu/abs/2006A%26A...446..747G},
  adsnote = {Provided by the SAO/NASA Astrophysics Data System},
     note = {Paper III}
}

@INPROCEEDINGS{2004ASPC..314..293Y,
       author = {{Yasuda}, N. and {Mizumoto}, Y. and {Ohishi}, M. and {O'Mullane}, W. and {Budav{\'a}ri}, T. and {Haridas}, V. and {Li}, N. and {Malik}, T. and {Szalay}, A.~S. and {Hill}, M. and {Linde}, T. and {Mann}, B. and {Page}, C.~G.},
        title = "{Astronomical Data Query Language: Simple Query Protocol for the Virtual Observatory}",
    booktitle = {Astronomical Data Analysis Software and Systems (ADASS) XIII},
         year = 2004,
       editor = {{Ochsenbein}, Francois and {Allen}, Mark G. and {Egret}, Daniel},
       series = {Astronomical Society of the Pacific Conference Series},
       volume = {314},
        month = jul,
        pages = {293},
       adsurl = {https://ui.adsabs.harvard.edu/abs/2004ASPC..314..293Y},
      adsnote = {Provided by the SAO/NASA Astrophysics Data System}
}



@INPROCEEDINGS{2004ASPC..314..551C,
   author = {{Calabretta}, M.~R. and {Valdes}, F. and {Greisen}, E.~W. and 
	{Allen}, S.~L.},
    title = "{Representations of distortions in FITS world coordinate systems}",
booktitle = {Astronomical Data Analysis Software and Systems (ADASS) XIII},
     year = 2004,
   series = {Astronomical Society of the Pacific Conference Series},
   volume = 314,
   editor = {{Ochsenbein}, F. and {Allen}, M.~G. and {Egret}, D.},
    month = jul,
    pages = {551},
   adsurl = {http://adsabs.harvard.edu/abs/2004ASPC..314..551C},
  adsnote = {Provided by the SAO/NASA Astrophysics Data System}
}

@ARTICLE{2002A&A...395.1077C,
   author = {{Calabretta}, M.~R. and {Greisen}, E.~W.},
    title = "{Representations of celestial coordinates in FITS}",
  journal = {Astronomy \& Astrophysics},
   eprint = {astro-ph/0207413},
 keywords = {methods: data analysis, techniques: image processing, astronomical data bases: miscellaneous, astrometry},
     year = 2002,
    month = dec,
   volume = 395,
    pages = {1077-1122},
      doi = {10.1051/0004-6361:20021327},
   adsurl = {http://adsabs.harvard.edu/abs/2002A%26A...395.1077C},
  adsnote = {Provided by the SAO/NASA Astrophysics Data System}
}

@INPROCEEDINGS{2000ASPC..216..571C,
   author = {{Calabretta}, M. and {Greisen}, E.~W.},
    title = "{Representations of World Coordinates in FITS}",
booktitle = {Astronomical Data Analysis Software and Systems IX},
     year = 2000,
   series = {Astronomical Society of the Pacific Conference Series},
   volume = 216,
   editor = {{Manset}, N. and {Veillet}, C. and {Crabtree}, D.},
    pages = {571},
   adsurl = {http://adsabs.harvard.edu/abs/2000ASPC..216..571C},
  adsnote = {Provided by the SAO/NASA Astrophysics Data System}
}

@ARTICLE{NOAO_FITS,
   author = "Anon.",
   title  = {NOAO FITS Keyword Dictionary: Version 1.0 - January 2000},
   year   = 2009,
   journal = "WEB/URL",
   note    = {\\ \url{http://iraf.noao.edu/iraf/web/projects/ccdmosaic/imagedef/fitsdic.html}}
}

@ARTICLE{FITSStandard-1,
   author = {{Chiappetti}, L., {et. al.}},
   title  = {FITS Standard Document Version 4.0 [DRAFT]     (22 July 2016)},
   year   = 2016,
  journal = "WEB/URL",
   note   = {\\ \url{https://fits.gsfc.nasa.gov/fits_standard.html}}
}

@UNPUBLISHED{HanischWells,
   author    = "{Hanisch},R.~J. and {Wells}, D.~G.",
   title     = "World Coordinate Systems Representations Within the FITS Format",
   month     = Feb,
   year      = 1988,
   note      = "Unpublished, {\url{ftp://iraf.noao.edu/misc/fitswcs_draft.ps}}"
}

@ARTICLE{IRAFMotherLoad,
   author = {{IRAF~Team}},
   title  = {Web Archive of IRAF Papers},
   year   = 1990,
  journal = "WEB/URL",
   note   = {\\ \url{http://iraf.noao.edu/iraf/docs/}}
}

% Very early use of IRAF
@INPROCEEDINGS{1984BAAS...16..497V,
   author = {{Valdes}, F.},
    title = "{The Interactive Data Reduction and Analysis Facility (IRAF)}",
booktitle = {Bulletin of the American Astronomical Society},
     year = 1984,
   series = {Bull. Am. Astron. Soc.},
   volume = 16,
    month = mar,
    pages = {497}
}


@INPROCEEDINGS{2006hstc.conf..437G,
   author = {{Greenfield}, P. and {White}, R.~L.},
    title = "{Where Will PyRAF Lead Us? The Future of Data Analysis Software at STScI}",
booktitle = {The 2005 HST Calibration Workshop: Hubble After the Transition to Two-Gyro Mode},
     year = 2006,
   editor = {{Koekemoer}, A.~M. and {Goudfrooij}, P. and {Dressel}, L.~L.
	},
    month = jan,
    pages = {437},
   adsurl = {http://adsabs.harvard.edu/abs/2006hstc.conf..437G},
  adsnote = {Provided by the SAO/NASA Astrophysics Data System}
}


@ARTICLE{BASHParameters1,
   author = {{Cooper}, Mendel},
   title  = {Advanced Bash-Scripting Guide, Ch 10},
   year   = 2015,
  journal = "WEB/URL",
   note   = {\\ \url{https://www.tldp.org/LDP/abs/html/parameter-substitution.html}}
}

@ARTICLE{PyrafProgrammersGuide,
   author = {{Hodge},Philip~E.},
   title  = {PyRAF Programmerâ€™s Guide},
   year   = 2004,
  journal = "WEB/URL",
   note   = {\\ \url{http://stsdas.stsci.edu/stsci_python_sphinxdocs_2.13/docs/pyraf_guide.pdf} \\
\url{https://lancesimms.com/programs/Python/pyraf/Docs/pyraf_guide.pdf}}
}

% Collected Modernized words of wisdom
@ARTICLE{IRAFCOmmunityDocumentation,
   author = "IRAF COmmunity",
   title  = {IRAF documentation},
   year   = 2022,
  journal = "WEB/URL",
   note   = {\\ \url{https://iraf.readthedocs.io/en/latest/index.html}}
}

@ARTICLE{CLProgrammersGuide,
   author = {{Downey},C.~E. and {Tody},Douglas  and {Jacoby},George~H.},
   title  = {CL Programmers Guide},
   year   = 1982,
  journal = "WEB/URL",
   note   = {\\ \url{ftp://iraf.noao.edu/ftp/docs/clman.ps.Z}}
}

@ARTICLE{IRAFCLScriptTipsdTricks,
   author = {{Fitzpatrick},Mike and {Seaman},Rob and {Valdes},Frank and {Za\'rate},Nelson},
   title  = {IRAF CL Script Tips \& Tricks},
   year   = 2003,
  journal = "WEB/URL",
   note   = {\\ \url{http://iraf.noao.edu/iraf/ftp/iraf/docs/script_intro.pdf}}
}

@ARTICLE{SorenIrafNotes,
   author = {{Larsen},S{\o}ren~S.},
   title  = {IRAF notes for Observational Astrophysics I},
   year   = 2012,
  journal = "WEB/URL",
   note   = {\\ \url{http://www.astro.ru.nl/~slarsen/teaching/OA1UU/OA1_1011/notes/iraf.pdf}}
}

@ARTICLE{RCF1History,
   author = "Various",
   title  = {Request for Comments},
   year   = 2018,
  journal = "Wikipedia",
   note   = {\\ \url{https://en.wikipedia.org/wiki/Request_for_Comments}}
}


@ARTICLE{FITSBirthday,
   author = "{Wells,D.}",
   title  = {Happy Birthday, FITS!},
   year   = 1992,
  journal = "KPNO Email",
   note   = {\\ \url{https://fits.gsfc.nasa.gov/birthday.news}}
}

@INPROCEEDINGS{1986SPIE..627..733T,
       author = {{Tody}, Doug},
        title = "{The IRAF Data Reduction and Analysis System}",
    booktitle = {Instrumentation in astronomy VI},
         year = 1986,
       editor = {{Crawford}, David L.},
       series = {Society of Photo-Optical Instrumentation Engineers (SPIE) Conference Series},
       volume = {627},
        month = jan,
        pages = {733},
          doi = {10.1117/12.968154},
       adsurl = {https://ui.adsabs.harvard.edu/abs/1986SPIE..627..733T},
      adsnote = {Provided by the SAO/NASA Astrophysics Data System}
}


@INPROCEEDINGS{1993ASPC...52..173T,
   author = {{Tody}, D.},
    title = "{IRAF in the Nineties}",
booktitle = {Astronomical Data Analysis Software and Systems II},
     year = 1993,
   series = {Astronomical Society of the Pacific Conference Series},
   volume = 52,
   editor = {{Hanisch}, R.~J. and {Brissenden}, R.~J.~V. and {Barnes}, J.
	},
    month = jan,
    pages = {173},
   adsurl = {http://adsabs.harvard.edu/abs/1993ASPC...52..173T},
  adsnote = {Provided by the SAO/NASA Astrophysics Data System}
}

@INPROCEEDINGS{2006ASPC..351..735K,
   author = {{Koposov}, S. and {Bartunov}, O.},
    title = "{Q3C, Quad Tree Cube -- The new Sky-indexing Concept for Huge Astronomical Catalogues and its Realization for Main Astronomical Queries (Cone Search and Xmatch) in Open Source Database PostgreSQL}",
booktitle = {Astronomical Data Analysis Software and Systems XV},
     year = 2006,
   series = {Astronomical Society of the Pacific Conference Series},
   volume = 351,
   editor = {{Gabriel}, C. and {Arviset}, C. and {Ponz}, D. and {Enrique}, S.},
    month = jul,
    pages = {735},
   adsurl = {http://adsabs.harvard.edu/abs/2006ASPC..351..735K},
  adsnote = {Provided by the SAO/NASA Astrophysics Data System},
   note = {\url{https://github.com/segasai}}
}

@ARTICLE{Kahan-Needle-Angles,
   author  = {{Kahan},~W.},
   title   = {Miscalculating area and angles of a needle-like triangle.},
   journal = {\\ \url{http://www.cs.berkeley.edu/$\sim$kahan/}},
   year    = 1999
}

@ARTICLE{2000A&AS..143....9W,
   author = {{Wenger}, M. and {Ochsenbein}, F. and {Egret}, D. and {Dubois}, P. and 
	{Bonnarel}, F. and {Borde}, S. and {Genova}, F. and {Jasniewicz}, G. and 
	{Lalo{\"e}}, S. and {Lesteven}, S. and {Monier}, R.},
    title = "{The SIMBAD astronomical database. The CDS reference database for astronomical objects}",
  journal = {Astronomy and Astrophysics Supplement Series},
   eprint = {astro-ph/0002110},
 keywords = {ASTRONOMICAL DATA BASES: MISCELLANEOUS, CATALOGS},
     year = 2000,
    month = apr,
   volume = 143,
    pages = {9-22},
      doi = {10.1051/aas:2000332},
   adsurl = {http://adsabs.harvard.edu/abs/2000A%26AS..143....9W},
  adsnote = {Provided by the SAO/NASA Astrophysics Data System}
}

@INPROCEEDINGS{2005ASPC..347...29T,
   author = {{Taylor}, M.~B.},
    title = "{TOPCAT {\&} STIL: Starlink Table/VOTable Processing Software}",
booktitle = {Astronomical Data Analysis Software and Systems XIV},
     year = 2005,
   series = {Astronomical Society of the Pacific Conference Series},
   volume = 347,
   editor = {{Shopbell}, P. and {Britton}, M. and {Ebert}, R.},
    month = dec,
    pages = {29},
   adsurl = {http://adsabs.harvard.edu/abs/2005ASPC..347...29T},
  adsnote = {Provided by the SAO/NASA Astrophysics Data System}
}


@INPROCEEDINGS{1994ASPC...61..215B,
   author = {{Bonnarel}, F. and {Paillou}, P. and {Ochsenbein}, F. and {Creze}, M. and 
	{Egret}, D.},
    title = "{Aladin: Towards an Interactive Atlas of the Digitized Sky}",
booktitle = {Astronomical Data Analysis Software and Systems III},
     year = 1994,
   series = {Astronomical Society of the Pacific Conference Series},
   volume = 61,
   editor = {{Crabtree}, D.~R. and {Hanisch}, R.~J. and {Barnes}, J.},
    pages = {215},
   adsurl = {http://adsabs.harvard.edu/abs/1994ASPC...61..215B},
  adsnote = {Provided by the SAO/NASA Astrophysics Data System}
}
@MISC{2011ascl.soft12019C,
   author = {{Centre de Donn{\'e}es Astronomiques de Strasbourg (CDS)}},
    title = "{Aladin: Interactive Sky Atlas}",
 keywords = {Software},
howpublished = {Astrophysics Source Code Library},
     year = 2011,
    month = dec,
archivePrefix = "ascl",
   eprint = {1112.019},
   adsurl = {http://adsabs.harvard.edu/abs/2011ascl.soft12019C},
  adsnote = {Provided by the SAO/NASA Astrophysics Data System}
}

@ARTICLE{2012AN....333..505G,
       author = {{Goodman}, A.~A.},
        title = "{Principles of high-dimensional data visualization in astronomy}",
      journal = {Astronomische Nachrichten},
     keywords = {cosmology: large-scale structure, ISM: clouds, methods: data analysis, techniques: image processing, techniques: radial velocities, Astrophysics - Instrumentation and Methods for Astrophysics, Astrophysics - Astrophysics of Galaxies, Physics - Computational Physics},
         year = 2012,
        month = jun,
       volume = {333},
       number = {5-6},
        pages = {505},
          doi = {10.1002/asna.201211705},
archivePrefix = {arXiv},
       eprint = {1205.4747},
 primaryClass = {astro-ph.IM},
       adsurl = {https://ui.adsabs.harvard.edu/abs/2012AN....333..505G},
      adsnote = {Provided by the SAO/NASA Astrophysics Data System}
}


@misc{robitaille_thomas_2017_1237692,
  author       = {Robitaille, Thomas and
                  Beaumont, Chris and
                  Qian, Penny and
                  Borkin, Michelle and
                  Goodman, Alyssa},
  title        = {glueviz v0.13.1: multidimensional data exploration},
  month        = feb,
  year         = 2017,
  doi          = {10.5281/zenodo.1237692},
  url          = {https://doi.org/10.5281/zenodo.1237692}
}

@ARTICLE{fitsverify-1,
   author = "HEASARC",
   title  = {HEASARC Fitsverfy Webpage},
   year   = 2018,
  journal = "WEB/URL",
   note   = {\\ \url{https://heasarc.gsfc.nasa.gov/docs/software/ftools/fitsverify/}}
}


@ARTICLE{1989Obs...109...99S,
       author = {{Southam}, B.},
        title = "{Astrophysical Quantities}",
      journal = {The Observatory},
         year = 1989,
        month = jun,
       volume = {109},
        pages = {99-99},
       adsurl = {https://ui.adsabs.harvard.edu/abs/1989Obs...109...99S},
      adsnote = {Provided by the SAO/NASA Astrophysics Data System}
}

@BOOK{1973asqu.book.....A,
       author = {{Allen}, C.~W.},
        title = "{Astrophysical quantities}",
         year = 1973,
       adsurl = {https://ui.adsabs.harvard.edu/abs/1973asqu.book.....A},
      adsnote = {Provided by the SAO/NASA Astrophysics Data System}
}


@TECHREPORT{SBFITSEXT,
   author    = "SANTA BARBARA INSTRUMENT GROUP Matt Longmire",
   title     = "{SBFITSEXT Version 1.0 A Set of FITS Standard Extensions for Amateur Astronomical Processing Software Packages}",
   institution = "SANTA BARBARA INSTRUMENT GROUP",
   month     = mar,
   year      = 2003,
   note      = "AIP Amateur Astronomical Instrument Processing Package."
}

@ARTICLE{2016arXiv161003159M,
       author = {{Muna}, Demitri and {Alexander}, Michael and {Allen}, Alice and {et.al.}},
        title = {The Astropy Problem},
      journal = {arXiv e-prints},
     keywords = {Astrophysics - Instrumentation and Methods for Astrophysics, Physics - Physics and Society},
         year = 2016,
        month = oct,
          eid = {arXiv:1610.03159},
        pages = {arXiv:1610.03159},
archivePrefix = {arXiv},
       eprint = {1610.03159},
 primaryClass = {astro-ph.IM},
       adsurl = {https://ui.adsabs.harvard.edu/abs/2016arXiv161003159M},
      adsnote = {Provided by the SAO/NASA Astrophysics Data System}
}

@ARTICLE{FULL2016arXiv161003159M,
       author = {{Muna}, Demitri and {Alexander}, Michael and {Allen}, Alice and {Ashley}, Richard and {Asmus}, Daniel and {Azzollini}, Ruyman and {Bannister}, Michele and {Beaton}, Rachael and {Benson}, Andrew and {Berriman}, G. Bruce and {Bilicki}, Maciej and {Boyce}, Peter and {Bridge}, Joanna and {Cami}, Jan and {Cangi}, Eryn and {Chen}, Xian and {Christiny}, Nicholas and {Clark}, Christopher and {Collins}, Michelle and {Comparat}, Johan and {Cook}, Neil and {Croton}, Darren and {Delberth Davids}, Isak and {Depagne}, {\'E}ric and {Donor}, John and {dos Santos}, Leonardo A. and {Douglas}, Stephanie and {Du}, Alan and {Durbin}, Meredith and {Erb}, Dawn and {Faes}, Daniel and {Fern{\'a}ndez-Trincado}, J.~G. and {Foley}, Anthony and {Fotopoulou}, Sotiria and {Frimann}, S{\o}ren and {Frinchaboy}, Peter and {Garcia-Dias}, Rafael and {Gawryszczak}, Artur and {George}, Elizabeth and {Gonzalez}, Sebastian and {Gordon}, Karl and {Gorgone}, Nicholas and {Gosmeyer}, Catherine and {Grasha}, Katie and {Greenfield}, Perry and {Grellmann}, Rebekka and {Guillochon}, James and {Gurwell}, Mark and {Haas}, Marcel and {Hagen}, Alex and {Haggard}, Daryl and {Haines}, Tim and {Hall}, Patrick and {Hellwing}, Wojciech and {Herenz}, Edmund Christian and {Hinton}, Samuel and {Hlozek}, Renee and {Hoffman}, John and {Holman}, Derek and {Holwerda}, Benne Willem and {Horton}, Anthony and {Hummels}, Cameron and {Jacobs}, Daniel and {Juel Jensen}, Jens and {Jones}, David and {Karick}, Arna and {Kelley}, Luke and {Kenworthy}, Matthew and {Kitchener}, Ben and {Klaes}, Dominik and {Kohn}, Saul and {Konorski}, Piotr and {Krawczyk}, Coleman and {Kuehn}, Kyler and {Kuutma}, Teet and {Lam}, Michael T. and {Lane}, Richard and {Liske}, Jochen and {Lopez-Camara}, Diego and {Mack}, Katherine and {Mangham}, Sam and {Mao}, Qingqing and {Marsh}, David J.~E. and {Mateu}, Cecilia and {Maurin}, Lo{\"\i}c and {McCormac}, James and {Momcheva}, Ivelina and {Monteiro}, Hektor and {Mueller}, Michael and {Munoz}, Roberto and {Naidu}, Rohan and {Nelson}, Nicholas and {Nitschelm}, Christian and {North}, Chris and {Nunez-Iglesias}, Juan and {Ogaz}, Sara and {Owen}, Russell and {Parejko}, John and {Patr{\'\i}cio}, Vera and {Pepper}, Joshua and {Perrin}, Marshall and {Pickering}, Timothy and {Piscionere}, Jennifer and {Pogge}, Richard and {Poleski}, Radek and {Pourtsidou}, Alkistis and {Price-Whelan}, Adrian M. and {Rawls}, Meredith L. and {Read}, Shaun and {Rees}, Glen and {Rein}, Hanno and {Rice}, Thomas and {Riemer-S{\o}rensen}, Signe and {Rusomarov}, Naum and {Sanchez}, Sebastian F. and {Santander-Garc{\'\i}a}, Miguel and {Sarid}, Gal and {Schoenell}, William and {Scholz}, Aleks and {Schuhmann}, Robert L. and {Schuster}, William and {Scicluna}, Peter and {Seidel}, Marja and {Shao}, Lijing and {Sharma}, Pranav and {Shulevski}, Aleksandar and {Shupe}, David and {Sif{\'o}n}, Crist{\'o}bal and {Simmons}, Brooke and {Sinha}, Manodeep and {Skillen}, Ian and {Soergel}, Bjoern and {Spriggs}, Thomas and {Srinivasan}, Sundar and {Stevens}, Abigail and {Streicher}, Ole and {Suchyta}, Eric and {Tan}, Joshua and {Telford}, O. Grace and {Thomas}, Romain and {Tonini}, Chiara and {Tremblay}, Grant and {Tuttle}, Sarah and {Urrutia}, Tanya and {Vaughan}, Sam and {Verdugo}, Miguel and {Wagner}, Alexander and {Walawender}, Josh and {Wetzel}, Andrew and {Willett}, Kyle and {Williams}, Peter K.~G. and {Yang}, Guang and {Zhu}, Guangtun and {Zonca}, Andrea},
        title = "{The Astropy Problem}",
      journal = {arXiv e-prints},
     keywords = {Astrophysics - Instrumentation and Methods for Astrophysics, Physics - Physics and Society},
         year = 2016,
        month = oct,
          eid = {arXiv:1610.03159},
        pages = {arXiv:1610.03159},
archivePrefix = {arXiv},
       eprint = {1610.03159},
 primaryClass = {astro-ph.IM},
       adsurl = {https://ui.adsabs.harvard.edu/abs/2016arXiv161003159M},
      adsnote = {Provided by the SAO/NASA Astrophysics Data System}
}

%% --


@article{astropy:2013,
    Adsnote = {Provided by the SAO/NASA Astrophysics Data System},
    Adsurl = {http://adsabs.harvard.edu/abs/2013A%26A...558A..33A},
    Archiveprefix = {arXiv},
    Author = {{Astropy Collaboration} and {Robitaille}, T.~P. and {Tollerud}, E.~J. and {Greenfield}, P. and {et.al.}},
    Doi = {10.1051/0004-6361/201322068},
    Eid = {A33},
    Eprint = {1307.6212},
    Journal = {Astronomy \& Astrophysics},
    Keywords = {methods: data analysis, methods: miscellaneous, virtual observatory tools},
    Month = oct,
    Pages = {A33},
    Primaryclass = {astro-ph.IM},
    Title = {{Astropy: A community Python package for astronomy}},
    Volume = 558,
    Year = 2013,
    Bdsk-Url-1 = {https://dx.doi.org/10.1051/0004-6361/201322068}
}

@article{FULLastropy:2013,
Adsnote = {Provided by the SAO/NASA Astrophysics Data System},
Adsurl = {http://adsabs.harvard.edu/abs/2013A%26A...558A..33A},
Archiveprefix = {arXiv},
Author = {{Astropy Collaboration} and {Robitaille}, T.~P. and {Tollerud}, E.~J. and {Greenfield}, P. and {Droettboom}, M. and {Bray}, E. and {Aldcroft}, T. and {Davis}, M. and {Ginsburg}, A. and {Price-Whelan}, A.~M. and {Kerzendorf}, W.~E. and {Conley}, A. and {Crighton}, N. and {Barbary}, K. and {Muna}, D. and {Ferguson}, H. and {Grollier}, F. and {Parikh}, M.~M. and {Nair}, P.~H. and {Unther}, H.~M. and {Deil}, C. and {Woillez}, J. and {Conseil}, S. and {Kramer}, R. and {Turner}, J.~E.~H. and {Singer}, L. and {Fox}, R. and {Weaver}, B.~A. and {Zabalza}, V. and {Edwards}, Z.~I. and {Azalee Bostroem}, K. and {Burke}, D.~J. and {Casey}, A.~R. and {Crawford}, S.~M. and {Dencheva}, N. and {Ely}, J. and {Jenness}, T. and {Labrie}, K. and {Lim}, P.~L. and {Pierfederici}, F. and {Pontzen}, A. and {Ptak}, A. and {Refsdal}, B. and {Servillat}, M. and {Streicher}, O.},
Doi = {10.1051/0004-6361/201322068},
Eid = {A33},
Eprint = {1307.6212},
Journal = {Astronomy \& Astrophysics},
Keywords = {methods: data analysis, methods: miscellaneous, virtual observatory tools},
Month = oct,
Pages = {A33},
Primaryclass = {astro-ph.IM},
Title = {{Astropy: A community Python package for astronomy}},
Volume = 558,
Year = 2013,
Bdsk-Url-1 = {https://dx.doi.org/10.1051/0004-6361/201322068}
}

@ARTICLE{astropy:2018,
       author = {{Astropy Collaboration} and {Price-Whelan}, A.~M. and
         {Sip{\H{o}}cz}, and {et.al.}},
        title = "{The Astropy Project: Building an Open-science Project and Status of the v2.0 Core Package}",
      journal = {The Astronomical Journal},
     keywords = {methods: data analysis, methods: miscellaneous, methods: statistical, reference systems, Astrophysics - Instrumentation and Methods for Astrophysics},
         year = 2018,
        month = sep,
       volume = {156},
       number = {3},
          eid = {123},
        pages = {123},
          doi = {10.3847/1538-3881/aabc4f},
archivePrefix = {arXiv},
       eprint = {1801.02634},
 primaryClass = {astro-ph.IM},
       adsurl = {https://ui.adsabs.harvard.edu/abs/2018AJ....156..123A},
      adsnote = {Provided by the SAO/NASA Astrophysics Data System}
}


@ARTICLE{FULLastropy:2018,
       author = {{Astropy Collaboration} and {Price-Whelan}, A.~M. and
         {Sip{\H{o}}cz}, B.~M. and {G{\"u}nther}, H.~M. and {Lim}, P.~L. and
         {Crawford}, S.~M. and {Conseil}, S. and {Shupe}, D.~L. and
         {Craig}, M.~W. and {Dencheva}, N. and {Ginsburg}, A. and {Vand
        erPlas}, J.~T. and {Bradley}, L.~D. and {P{\'e}rez-Su{\'a}rez}, D. and
         {de Val-Borro}, M. and {Aldcroft}, T.~L. and {Cruz}, K.~L. and
         {Robitaille}, T.~P. and {Tollerud}, E.~J. and {Ardelean}, C. and
         {Babej}, T. and {Bach}, Y.~P. and {Bachetti}, M. and {Bakanov}, A.~V. and
         {Bamford}, S.~P. and {Barentsen}, G. and {Barmby}, P. and
         {Baumbach}, A. and {Berry}, K.~L. and {Biscani}, F. and {Boquien}, M. and
         {Bostroem}, K.~A. and {Bouma}, L.~G. and {Brammer}, G.~B. and
         {Bray}, E.~M. and {Breytenbach}, H. and {Buddelmeijer}, H. and
         {Burke}, D.~J. and {Calderone}, G. and {Cano Rodr{\'\i}guez}, J.~L. and
         {Cara}, M. and {Cardoso}, J.~V.~M. and {Cheedella}, S. and {Copin}, Y. and
         {Corrales}, L. and {Crichton}, D. and {D'Avella}, D. and {Deil}, C. and
         {Depagne}, {\'E}. and {Dietrich}, J.~P. and {Donath}, A. and
         {Droettboom}, M. and {Earl}, N. and {Erben}, T. and {Fabbro}, S. and
         {Ferreira}, L.~A. and {Finethy}, T. and {Fox}, R.~T. and
         {Garrison}, L.~H. and {Gibbons}, S.~L.~J. and {Goldstein}, D.~A. and
         {Gommers}, R. and {Greco}, J.~P. and {Greenfield}, P. and
         {Groener}, A.~M. and {Grollier}, F. and {Hagen}, A. and {Hirst}, P. and
         {Homeier}, D. and {Horton}, A.~J. and {Hosseinzadeh}, G. and {Hu}, L. and
         {Hunkeler}, J.~S. and {Ivezi{\'c}}, {\v{Z}}. and {Jain}, A. and
         {Jenness}, T. and {Kanarek}, G. and {Kendrew}, S. and {Kern}, N.~S. and
         {Kerzendorf}, W.~E. and {Khvalko}, A. and {King}, J. and {Kirkby}, D. and
         {Kulkarni}, A.~M. and {Kumar}, A. and {Lee}, A. and {Lenz}, D. and
         {Littlefair}, S.~P. and {Ma}, Z. and {Macleod}, D.~M. and
         {Mastropietro}, M. and {McCully}, C. and {Montagnac}, S. and
         {Morris}, B.~M. and {Mueller}, M. and {Mumford}, S.~J. and {Muna}, D. and
         {Murphy}, N.~A. and {Nelson}, S. and {Nguyen}, G.~H. and
         {Ninan}, J.~P. and {N{\"o}the}, M. and {Ogaz}, S. and {Oh}, S. and
         {Parejko}, J.~K. and {Parley}, N. and {Pascual}, S. and {Patil}, R. and
         {Patil}, A.~A. and {Plunkett}, A.~L. and {Prochaska}, J.~X. and
         {Rastogi}, T. and {Reddy Janga}, V. and {Sabater}, J. and
         {Sakurikar}, P. and {Seifert}, M. and {Sherbert}, L.~E. and
         {Sherwood-Taylor}, H. and {Shih}, A.~Y. and {Sick}, J. and
         {Silbiger}, M.~T. and {Singanamalla}, S. and {Singer}, L.~P. and
         {Sladen}, P.~H. and {Sooley}, K.~A. and {Sornarajah}, S. and
         {Streicher}, O. and {Teuben}, P. and {Thomas}, S.~W. and
         {Tremblay}, G.~R. and {Turner}, J.~E.~H. and {Terr{\'o}n}, V. and
         {van Kerkwijk}, M.~H. and {de la Vega}, A. and {Watkins}, L.~L. and
         {Weaver}, B.~A. and {Whitmore}, J.~B. and {Woillez}, J. and
         {Zabalza}, V. and {Astropy Contributors}},
        title = "{The Astropy Project: Building an Open-science Project and Status of the v2.0 Core Package}",
      journal = {The Astronomical Journal},
     keywords = {methods: data analysis, methods: miscellaneous, methods: statistical, reference systems, Astrophysics - Instrumentation and Methods for Astrophysics},
         year = 2018,
        month = sep,
       volume = {156},
       number = {3},
          eid = {123},
        pages = {123},
          doi = {10.3847/1538-3881/aabc4f},
archivePrefix = {arXiv},
       eprint = {1801.02634},
 primaryClass = {astro-ph.IM},
       adsurl = {https://ui.adsabs.harvard.edu/abs/2018AJ....156..123A},
      adsnote = {Provided by the SAO/NASA Astrophysics Data System}
}


@ARTICLE{astropy:2022,
       author = {{Astropy Collaboration} and {Price-Whelan}, Adrian M. and {Lim}, Pey Lian and {et.al}},
        title = "{The Astropy Project: Sustaining and Growing a Community-oriented Open-source Project and the Latest Major Release (v5.0) of the Core Package}",
      journal = {apj},
     keywords = {Astronomy software, Open source software, Astronomy data analysis, 1855, 1866, 1858, Astrophysics - Instrumentation and Methods for Astrophysics},
         year = 2022,
        month = aug,
       volume = {935},
       number = {2},
          eid = {167},
        pages = {167},
          doi = {10.3847/1538-4357/ac7c74},
archivePrefix = {arXiv},
       eprint = {2206.14220},
 primaryClass = {astro-ph.IM},
       adsurl = {https://ui.adsabs.harvard.edu/abs/2022ApJ...935..167A},
      adsnote = {Provided by the SAO/NASA Astrophysics Data System}
}


@ARTICLE{FULLastropy:2022,
       author = {{Astropy Collaboration} and {Price-Whelan}, Adrian M. and {Lim}, Pey Lian and {Earl}, Nicholas and {Starkman}, Nathaniel and {Bradley}, Larry and {Shupe}, David L. and {Patil}, Aarya A. and {Corrales}, Lia and {Brasseur}, C.~E. and {N{"o}the}, Maximilian and {Donath}, Axel and {Tollerud}, Erik and {Morris}, Brett M. and {Ginsburg}, Adam and {Vaher}, Eero and {Weaver}, Benjamin A. and {Tocknell}, James and {Jamieson}, William and {van Kerkwijk}, Marten H. and {Robitaille}, Thomas P. and {Merry}, Bruce and {Bachetti}, Matteo and {G{"u}nther}, H. Moritz and {Aldcroft}, Thomas L. and {Alvarado-Montes}, Jaime A. and {Archibald}, Anne M. and {B{'o}di}, Attila and {Bapat}, Shreyas and {Barentsen}, Geert and {Baz{'a}n}, Juanjo and {Biswas}, Manish and {Boquien}, M{'e}d{'e}ric and {Burke}, D.~J. and {Cara}, Daria and {Cara}, Mihai and {Conroy}, Kyle E. and {Conseil}, Simon and {Craig}, Matthew W. and {Cross}, Robert M. and {Cruz}, Kelle L. and {D'Eugenio}, Francesco and {Dencheva}, Nadia and {Devillepoix}, Hadrien A.~R. and {Dietrich}, J{"o}rg P. and {Eigenbrot}, Arthur Davis and {Erben}, Thomas and {Ferreira}, Leonardo and {Foreman-Mackey}, Daniel and {Fox}, Ryan and {Freij}, Nabil and {Garg}, Suyog and {Geda}, Robel and {Glattly}, Lauren and {Gondhalekar}, Yash and {Gordon}, Karl D. and {Grant}, David and {Greenfield}, Perry and {Groener}, Austen M. and {Guest}, Steve and {Gurovich}, Sebastian and {Handberg}, Rasmus and {Hart}, Akeem and {Hatfield-Dodds}, Zac and {Homeier}, Derek and {Hosseinzadeh}, Griffin and {Jenness}, Tim and {Jones}, Craig K. and {Joseph}, Prajwel and {Kalmbach}, J. Bryce and {Karamehmetoglu}, Emir and {Ka{l}uszy{'n}ski}, Miko{l}aj and {Kelley}, Michael S.~P. and {Kern}, Nicholas and {Kerzendorf}, Wolfgang E. and {Koch}, Eric W. and {Kulumani}, Shankar and {Lee}, Antony and {Ly}, Chun and {Ma}, Zhiyuan and {MacBride}, Conor and {Maljaars}, Jakob M. and {Muna}, Demitri and {Murphy}, N.~A. and {Norman}, Henrik and {O'Steen}, Richard and {Oman}, Kyle A. and {Pacifici}, Camilla and {Pascual}, Sergio and {Pascual-Granado}, J. and {Patil}, Rohit R. and {Perren}, Gabriel I. and {Pickering}, Timothy E. and {Rastogi}, Tanuj and {Roulston}, Benjamin R. and {Ryan}, Daniel F. and {Rykoff}, Eli S. and {Sabater}, Jose and {Sakurikar}, Parikshit and {Salgado}, Jes{'u}s and {Sanghi}, Aniket and {Saunders}, Nicholas and {Savchenko}, Volodymyr and {Schwardt}, Ludwig and {Seifert-Eckert}, Michael and {Shih}, Albert Y. and {Jain}, Anany Shrey and {Shukla}, Gyanendra and {Sick}, Jonathan and {Simpson}, Chris and {Singanamalla}, Sudheesh and {Singer}, Leo P. and {Singhal}, Jaladh and {Sinha}, Manodeep and {Sip{H{o}}cz}, Brigitta M. and {Spitler}, Lee R. and {Stansby}, David and {Streicher}, Ole and {{{S}}umak}, Jani and {Swinbank}, John D. and {Taranu}, Dan S. and {Tewary}, Nikita and {Tremblay}, Grant R. and {Val-Borro}, Miguel de and {Van Kooten}, Samuel J. and {Vasovi{'c}}, Zlatan and {Verma}, Shresth and {de Miranda Cardoso}, Jos{'e} Vin{'i}cius and {Williams}, Peter K.~G. and {Wilson}, Tom J. and {Winkel}, Benjamin and {Wood-Vasey}, W.~M. and {Xue}, Rui and {Yoachim}, Peter and {Zhang}, Chen and {Zonca}, Andrea and {Astropy Project Contributors}},
        title = "{The Astropy Project: Sustaining and Growing a Community-oriented Open-source Project and the Latest Major Release (v5.0) of the Core Package}",
      journal = {apj},
     keywords = {Astronomy software, Open source software, Astronomy data analysis, 1855, 1866, 1858, Astrophysics - Instrumentation and Methods for Astrophysics},
         year = 2022,
        month = aug,
       volume = {935},
       number = {2},
          eid = {167},
        pages = {167},
          doi = {10.3847/1538-4357/ac7c74},
archivePrefix = {arXiv},
       eprint = {2206.14220},
 primaryClass = {astro-ph.IM},
       adsurl = {https://ui.adsabs.harvard.edu/abs/2022ApJ...935..167A},
      adsnote = {Provided by the SAO/NASA Astrophysics Data System}
}

@INPROCEEDINGS{2001ASPC..238...59D,
       author = {{de La Pe{\~n}a}, M.~D. and {White}, R.~L. and {Greenfield}, P.},
        title = "{The PyRAF Graphics System}",
    booktitle = {Astronomical Data Analysis Software and Systems X},
         year = 2001,
       editor = {{Harnden}, F.~R., Jr. and {Primini}, Frances A. and {Payne}, Harry E.},
       series = {Astronomical Society of the Pacific Conference Series},
       volume = {238},
        month = jan,
        pages = {59},
       adsurl = {https://ui.adsabs.harvard.edu/abs/2001ASPC..238...59D},
      adsnote = {Provided by the SAO/NASA Astrophysics Data System}
}

@INPROCEEDINGS{2000ASPC..216...59G,
       author = {{Greenfield}, P. and {White}, R.~L.},
        title = "{A New CL for IRAF Based On Python}",
    booktitle = {Astronomical Data Analysis Software and Systems IX},
         year = 2000,
       editor = {{Manset}, Nadine and {Veillet}, Christian and {Crabtree}, Dennis},
       series = {Astronomical Society of the Pacific Conference Series},
       volume = {216},
        month = jan,
        pages = {59},
       adsurl = {https://ui.adsabs.harvard.edu/abs/2000ASPC..216...59G},
      adsnote = {Provided by the SAO/NASA Astrophysics Data System}
}

@INPROCEEDINGS{2007ASPC..376..539L,
       author = {{Labrie}, K. and {Jedrzejewski}, R.},
        title = "{On the Migration of the Gemini IRAF Package to the STScI PyRAF Environment}",
    booktitle = {Astronomical Data Analysis Software and Systems XVI},
         year = 2007,
       editor = {{Shaw}, R.~A. and {Hill}, F. and {Bell}, D.~J.},
       series = {Astronomical Society of the Pacific Conference Series},
       volume = {376},
        month = oct,
        pages = {539},
       adsurl = {https://ui.adsabs.harvard.edu/abs/2007ASPC..376..539L},
      adsnote = {Provided by the SAO/NASA Astrophysics Data System}
}

% Interesting code for IRAF pipeline
@MISC{2016ascl.soft02002B,
       author = {{Bellm}, Eric C. and {Sesar}, Branimir},
        title = "{pyraf-dbsp: Reduction pipeline for the Palomar Double Beam Spectrograph}",
     keywords = {Software},
 howpublished = {Astrophysics Source Code Library, record ascl:1602.002},
         year = 2016,
        month = feb,
          eid = {ascl:1602.002},
        pages = {ascl:1602.002},
archivePrefix = {ascl},
       eprint = {1602.002},
       adsurl = {https://ui.adsabs.harvard.edu/abs/2016ascl.soft02002B},
      adsnote = {Provided by the SAO/NASA Astrophysics Data System}
}


@INPROCEEDINGS{1990BAAS...22..935V,
       author = {{Vanhilst}, M.},
        title = "{SAOimage. Smithsonian Astrophysical Observatory. Report for the period through Jan 1990.}",
    booktitle = {Bulletin of the American Astronomical Society},
         year = 1990,
       volume = {22},
        month = mar,
        pages = {935},
       adsurl = {https://ui.adsabs.harvard.edu/abs/1990BAAS...22..935V},
      adsnote = {Provided by the SAO/NASA Astrophysics Data System},
         note = {\\ \url{http://ds9.si.edu/doc/ref/xpa.html}}
}

@MISC{2019zndo...2530958J,
       author = {{Joye}, William},
        title = "{SAOImageDS9/SAOImageDS9 v8.0.1}",
 howpublished = {Zenodo},
         year = 2019,
        month = jan,
          eid = {10.5281/zenodo.2530958},
          doi = {10.5281/zenodo.2530958},
      version = {v8.0.1},
    publisher = {Zenodo},
       adsurl = {https://ui.adsabs.harvard.edu/abs/2019zndo...2530958J},
      adsnote = {Provided by the SAO/NASA Astrophysics Data System}
}

@book{freeman1975software,
  title={Software Systems Principles: A Survey},
  author={Freeman, P. and Flynn, M.J.},
  series={SRA computer science series},
  url={https://books.google.com/books?id=xKkmAAAAMAAJ},
  year=1975,
  publisher={Science Research Associates}
}


@TECHREPORT{techreportminimal,
   author    = {McIlroy,Doug and Pinson,E.~N.~Pinson and Tague,B.~A},
   title     = "",
   institution = "",
   year      = 1978
}


@TECHREPORT{McIlroy1978,
   author    = {McIlroy,Doug and Pinson,E.~N.~Pinson and Tague,B.~A},
   title     = "Unix Time-Sharing System: Foreword",
   institution = "Bell Laboratories",
   type      = "The Bell System Technical Journal",
   month     = Jul,
   year      = 1978
}
   

@ARTICLE{NOIRLabReleaseNote,
   author = "{{NSFs NOIRLab (National Optical-Infrared Astronomy Research Laboratory)}}",
   title  = {NOIRLab IRAF},
   year   = 2024,
  journal = "WEB/URL",
   note   = {\\ \url{https://iraf.noirlab.edu/}}
}


@ARTICLE{UnixPhilosophy,
   author = "{Thompson, Ken}",
   title  = {{Unix Philosophy},
   year   = 1978,
  journal = "WEB/URL",
   note   = {\\ \url{https://en.wikipedia.org/wiki/Unix_philosophy#:~:text=The%20Unix%20philosophy%20emphasizes%20building,as%20opposed%20to%20monolithic%20design.}}
}


@ARTICLE{McIlloryPhilosophy,
   author = "{Raymond, Eric~S.}",
   title  = {"Basics of the Unix Philosophy". The Art of Unix Programming},
   year   = 2004,
  journal = " Addison-Wesley Professional (published 2003-09-23). ISBN 0-13-142901-9.",
   note   = {\\ \url{}}
}


@ARTICLE{wiki-stetson,
   author = {{Dulane, David}},
   title  = {Mode (statistics)},
   year   = 2021,
  journal = "Wikipedia",
   note   = {\\ \url{https://en.wikipedia.org/wiki/Mode_(statistics)#:~:text=In%20a%20formula%2C%20median%20%E2%89%88%20(2%20%C3%97,three%20statistics%20can%20appear%20in%20any%20order.}}
}
